@Book{Leunen:Scholars:92,
  author =	 {M.-C. van Leunen},
  title = 	 {A Handbook for Scholars},
  publisher = 	{Oxford University Press},
  year = 	 1992
}

@MISC{Qian99onthe,
    author = {Ning Qian},
    title = {On the Momentum Term in Gradient Descent Learning Algorithms},
    year = {1999}
}

@Misc{Taylor:SIGuide:95,
  author =	 {B. N. Taylor},
  title =	 {Guide for the Use of the International System of Units (SI)},
  howpublished = {NIST Special Publication 811},
  year =	 1995,
  note =	 {\url{http://physics.nist.gov/Document/sp811.pdf}}
}

@article{Kingma2015,
    author  = "Diederik P. Kingma, Jimmy Lei Ba",
    title   = "ADAM: A METHOD FOR STOCHASTIC OPTIMIZATION",
    year    = 2015,
    journal = "ICLR"
}

@article{Duchi2011,
    author  = "John Duchi, Elad Hazan, Yoram Singer",
    title   = "Adaptive Subgradient Methods for Online Learning and Stochastic Optimization",
    year    = 2011,
    journal = "JMLR"
}

@article{Netzer2011,
   author = "Yuval Netzer, Tao Wang, Adam Coates, Alessandro Bissacco, Bo Wu, Andrew Y. Ng",
   title = "Reading Digits in Natural Images with Unsupervised Feature Learning",
   year = "2011",
   conference = "NIPS"
}

@article{Krizhevsky2009,
   author = "Alex Krizhevsky",
   title = "Learning Multiple Layers of Features from Tiny Images",
   year = "2009",
   journal=""
}

@article{Schmidhuber201585,
title = "Deep learning in neural networks: An overview ",
journal = "Neural Networks ",
volume = "61",
number = "",
pages = "85 - 117",
year = "2015",
note = "",
issn = "0893-6080",
doi = "https://doi.org/10.1016/j.neunet.2014.09.003",
url = "http://www.sciencedirect.com/science/article/pii/S0893608014002135",
author = "JÃ¼rgen Schmidhuber",
keywords = "Deep learning",
keywords = "Supervised learning",
keywords = "Unsupervised learning",
keywords = "Reinforcement learning",
keywords = "Evolutionary computation "
}


@ARTICLE{Arel2010, 
author={I. Arel and D. C. Rose and T. P. Karnowski}, 
journal={IEEE Computational Intelligence Magazine}, 
title={Deep Machine Learning - A New Frontier in Artificial Intelligence Research [Research Frontier]}, 
year=2010, 
volume=5, 
number=4, 
pages={13-18}, 
keywords={belief networks;learning (artificial intelligence);neural nets;CNN;DBN;artificial intelligence research;convolutional neural networks;deep belief networks;deep machine learning approach}, 
doi={10.1109/MCI.2010.938364}, 
ISSN={1556-603X}, 
month={Nov}
}

@article{srivastava14a ,
  author  = {Nitish Srivastava and Geoffrey Hinton and Alex Krizhevsky and Ilya Sutskever and Ruslan Salakhutdinov},
  title   = {Dropout: A Simple Way to Prevent Neural Networks from Overfitting},
  journal = {Journal of Machine Learning Research},
  year    = {2014},
  volume  = {15},
  pages   = {1929-1958},
  url     = {http://jmlr.org/papers/v15/srivastava14a.html}
}

@article{Boer2007,
title = "A Tutorial on the Cross-Entropy Method",
keywords = "EWI-7716, METIS-225939, IR-63619",
author = "{de Boer}, Pieter-Tjerk and Dirk Kroese and Shie Mannor and Rubinstein, {Reuven Y.}",
note = "Imported from research group DACS (ID number 277)",
year = "2005",
month = "1",
doi = "10.1007/s10479-005-5724-z",
volume = "134",
pages = "19--67",
number = "1",
}

@article{MishkinM15,
  author    = {Dmytro Mishkin and
               Jiri Matas},
  title     = {All you need is a good init},
  journal   = {CoRR},
  volume    = {abs/1511.06422},
  year      = {2015},
  url       = {http://arxiv.org/abs/1511.06422},
  timestamp = {Wed, 07 Jun 2017 14:41:18 +0200},
  biburl    = {http://dblp.uni-trier.de/rec/bib/journals/corr/MishkinM15},
  bibsource = {dblp computer science bibliography, http://dblp.org}
}
@article{Graham14,
  author    = {Benjamin Graham},
  title     = {Spatially-sparse convolutional neural networks},
  journal   = {CoRR},
  volume    = {abs/1409.6070},
  year      = {2014},
  url       = {http://arxiv.org/abs/1409.6070},
  timestamp = {Wed, 07 Jun 2017 14:41:28 +0200},
  biburl    = {http://dblp.uni-trier.de/rec/bib/journals/corr/Graham14},
  bibsource = {dblp computer science bibliography, http://dblp.org}
}

@article{Graham14a,
  author    = {Benjamin Graham},
  title     = {Fractional Max-Pooling},
  journal   = {CoRR},
  volume    = {abs/1412.6071},
  year      = {2014},
  url       = {http://arxiv.org/abs/1412.6071},
  timestamp = {Wed, 07 Jun 2017 14:41:17 +0200},
  biburl    = {http://dblp.uni-trier.de/rec/bib/journals/corr/Graham14a},
  bibsource = {dblp computer science bibliography, http://dblp.org}
}

@article{SpringenbergDBR14,
  author    = {Jost Tobias Springenberg and
               Alexey Dosovitskiy and
               Thomas Brox and
               Martin A. Riedmiller},
  title     = {Striving for Simplicity: The All Convolutional Net},
  journal   = {CoRR},
  volume    = {abs/1412.6806},
  year      = {2014},
  url       = {http://arxiv.org/abs/1412.6806},
  timestamp = {Wed, 07 Jun 2017 14:42:59 +0200},
  biburl    = {http://dblp.uni-trier.de/rec/bib/journals/corr/SpringenbergDBR14},
  bibsource = {dblp computer science bibliography, http://dblp.org}
}

@article{Ruder16,
  author    = {Sebastian Ruder},
  title     = {An overview of gradient descent optimization algorithms},
  journal   = {CoRR},
  volume    = {abs/1609.04747},
  year      = {2016},
  url       = {http://arxiv.org/abs/1609.04747},
  timestamp = {Wed, 07 Jun 2017 14:40:06 +0200},
  biburl    = {http://dblp.uni-trier.de/rec/bib/journals/corr/Ruder16},
  bibsource = {dblp computer science bibliography, http://dblp.org}
}