%% Obtained via the getNewBibTeX script and the SPIRES biblio service

@Article{Phys.Rev.Lett.19.1264,
     author    = "Weinberg, Steven",
     title     = "A MODEL OF LEPTONS",
     journal   = "Phys. Rev. Lett.",
     volume    = "19",
     year      = "1967",
     pages     = "1264-1266",
     SLACcitation  = "%%CITATION = PRLTA,19,1264;%%"
}

@Article{Phys.Rev.D2.1285,
     author    = "Glashow, S. L. and Iliopoulos, J. and Maiani, L.",
     title     = "WEAK INTERACTIONS WITH LEPTON - HADRON SYMMETRY",
     journal   = "Phys. Rev.",
     volume    = "D2",
     year      = "1970",
     pages     = "1285-1292",
     SLACcitation  = "%%CITATION = PHRVA,D2,1285;%%"
}

@Article{hep-ph/0410370,
     author    = "Willenbrock, Scott",
     title     = "Symmetries of the standard model",
     year      = "2004",
     eprint    = "hep-ph/0410370",
     SLACcitation  = "%%CITATION = HEP-PH 0410370;%%"
}

@Article{Brianti:2004qq,
     author    = "Brianti, G.",
     title     = "The Large Hadron Collider project: Historical account",
     journal   = "Phys. Rept.",
     volume    = "403-404",
     year      = "2004",
     pages     = "349-364",
     SLACcitation  = "%%CITATION = PRPLC,403-404,349;%%"
}

@Article{Amato:1998xt,
     author    = "Amato, S. and others",
 collaboration = "LHCb",
     title     = "LHCb technical proposal",
     note     = "CERN-LHCC-98-4"
}

@Misc{hepthesis,
     author = "Buckley, Andy",
     title  = "The hepthesis {\LaTeX} class"
}


@INPROCEEDINGS{ColStream,
author={Mingyang Zhong and Peizhao Hu and Indulska, J. and Kumar, M.J.},
booktitle={World of Wireless, Mobile and Multimedia Networks (WoWMoM), 2014 IEEE 15th International Symposium on a},
title={ColStream: Collaborative streaming of on-demand videos for mobile devices},
year={2014},
month={June},
pages={1-7},
keywords={3G mobile communication;Long Term Evolution;ubiquitous computing;video streaming;3G-LTE technology;ColStream functionality;ColStream prototype;bandwidth fluctuation;collaborative streaming;high quality video streaming;minimal stalling time;mobile devices;multiobjective optimisation;on-demand videos;smooth video playout;ubiquitous devices;video chunks;Bandwidth;Collaboration;Heuristic algorithms;Mobile communication;Streaming media;Throughput;Videos},
doi={10.1109/WoWMoM.2014.6918956},}

@article{CStream, 
year={2014},
issn={1380-7501},
journal={Multimedia Tools and Applications},
volume={70},
number={1},
doi={10.1007/s11042-011-0812-3},
title={CStream: neighborhood bandwidth aggregation for better video streaming},
url={http://dx.doi.org/10.1007/s11042-011-0812-3},
publisher={Springer US},
keywords={Video streaming; Wireless; Bandwidth aggregation},
author={Seenivasan, ThangamVedagiri and Claypool, Mark},
pages={379-408},
language={English}
}

@inproceedings{COMBINE,
 author = {Ananthanarayanan, Ganesh and Padmanabhan, Venkata N. and Ravindranath, Lenin and Thekkath, Chandramohan A.},
 title = {COMBINE: Leveraging the Power of Wireless Peers Through Collaborative Downloading},
 booktitle = {Proceedings of the 5th International Conference on Mobile Systems, Applications and Services},
 series = {MobiSys '07},
 year = {2007},
 isbn = {978-1-59593-614-1},
 location = {San Juan, Puerto Rico},
 pages = {286--298},
 numpages = {13},
 url = {http://doi.acm.org/10.1145/1247660.1247693},
 doi = {10.1145/1247660.1247693},
 acmid = {1247693},
 publisher = {ACM},
 address = {New York, NY, USA},
 keywords = {accounting, battery, collaborative, multi-homed, power}
} 

@inproceedings{cohen2003incentives,
  title={Incentives build robustness in BitTorrent},
  author={Cohen, Bram},
  booktitle={Workshop on Economics of Peer-to-Peer systems},
  volume={6},
  pages={68--72},
  year={2003}
}

@inproceedings{P2P,
 author = {Qiu, Dongyu and Srikant, R.},
 title = {Modeling and Performance Analysis of BitTorrent-like Peer-to-peer Networks},
 booktitle = {Proceedings of the 2004 Conference on Applications, Technologies, Architectures, and Protocols for Computer Communications},
 series = {SIGCOMM '04},
 year = {2004},
 isbn = {1-58113-862-8},
 location = {Portland, Oregon, USA},
 pages = {367--378},
 numpages = {12},
 url = {http://doi.acm.org/10.1145/1015467.1015508},
 doi = {10.1145/1015467.1015508},
 acmid = {1015508},
 publisher = {ACM},
 address = {New York, NY, USA},
 keywords = {fluid model, game theory, peer-to-peer networks},
} 

