@Book{Leunen:Scholars:92,
  author =	 {M.-C. van Leunen},
  title = 	 {A Handbook for Scholars},
  publisher = 	{Oxford University Press},
  year = 	 1992
}

@Misc{Taylor:SIGuide:95,
  author =	 {B. N. Taylor},
  title =	 {Guide for the Use of the International System of Units (SI)},
  howpublished = {NIST Special Publication 811},
  year =	 1995,
  note =	 {\url{http://physics.nist.gov/Document/sp811.pdf}}
}

                                                                
                                             
% This file was created with JabRef 2.8.
% Encoding: Cp1252

@ARTICLE{Ayres1988,
  author = {Ayres, Joe},
  title = {Coping with speech anxiety: The power of positive thinking},
  journal = {Communication Education},
  year = {1988},
  volume = {37},
  pages = {289-296},
  number = {4},
  doi = {10.1080/03634528809378730},
  eprint = {http://www.tandfonline.com/doi/pdf/10.1080/03634528809378730},
  url = {http://www.tandfonline.com/doi/abs/10.1080/03634528809378730}
}

@ARTICLE{Macleod2000,
  author = {Macleod, Andrew K. and Moore, Richard},
  title = {Positive thinking revisited: positive cognitions, well-being and
	mental health},
  journal = {Clinical Psychology \& Psychotherapy},
  year = {2000},
  volume = {7},
  pages = {1--10},
  number = {1},
  doi = {10.1002/(SICI)1099-0879(200002)7:1<1::AID-CPP228>3.0.CO;2-S},
  issn = {1099-0879},
  publisher = {John Wiley \& Sons, Ltd.},
  url = {http://dx.doi.org/10.1002/(SICI)1099-0879(200002)7:1<1::AID-CPP228>3.0.CO;2-S}
}

@ARTICLE{Oettingen1991,
  author = {Oettingen, Gabriele and Wadden, ThomasA.},
  title = {Expectation, fantasy, and weight loss: Is the impact of positive
	thinking always positive?},
  journal = {Cognitive Therapy and Research},
  year = {1991},
  volume = {15},
  pages = {167-175},
  number = {2},
  doi = {10.1007/BF01173206},
  issn = {0147-5916},
  keywords = {fantasy; expectation; obesity; weight reduction},
  language = {English},
  publisher = {Kluwer Academic Publishers-Plenum Publishers},
  url = {http://dx.doi.org/10.1007/BF01173206}
}

@ARTICLE{Scheier1993,
  author = {Scheier, Michael F. and Carver, Charles S.},
  title = {On the Power of Positive Thinking: The Benefits of Being Optimistic},
  journal = {Current Directions in Psychological Science},
  year = {1993},
  volume = {2},
  pages = {pp. 26-30},
  number = {1},
  copyright = {Copyright © 1993 Association for Psychological Science},
  issn = {09637214},
  jstor_articletype = {research-article},
  jstor_formatteddate = {Feb., 1993},
  language = {English},
  publisher = {Sage Publications, Inc. on behalf of Association for Psychological
	Science},
  url = {http://www.jstor.org/stable/20182190}
}

%% Ali's references 

@book{wardak1993psychiatric,
  title={The psychiatric effects of war stress on Afghanistan society},
  author={Wardak, Abdul Wali H},
  year={1993},
  publisher={Springer}
}

@article{jacobs2013accelerated,
  title={Accelerated Cell Aging in Female APOE-$\varepsilon$4 Carriers: Implications for Hormone Therapy Use},
  author={Jacobs, Emily G and Kroenke, Candyce and Lin, Jue and Epel, Elissa S and Kenna, Heather A and Blackburn, Elizabeth H and Rasgon, Natalie L},
  journal={PloS one},
  volume={8},
  number={2},
  pages={e54713},
  year={2013},
  publisher={Public Library of Science}
}

@article{olshansky2011aging,
  title={Aging of US Presidents},
  author={Olshansky, S Jay},
  journal={JAMA: The Journal of the American Medical Association},
  volume={306},
  number={21},
  pages={2328--2329},
  year={2011},
  publisher={Am Med Assoc}
}

@article{shalev2013stress,
  title={Stress and telomere biology: A lifespan perspective},
  author={Shalev, Idan and Entringer, Sonja and Wadhwa, Pathik D and Wolkowitz, Owen M and Puterman, Eli and Lin, Jue and Epel, Elissa S},
  journal={Psychoneuroendocrinology},
  year={2013},
  publisher={Elsevier}
}


%% Ahmed's Papers

@article{nakaya2010personality,
  title={Personality traits and cancer risk and survival based on Finnish and Swedish registry data},
  author={Nakaya, Naoki and Bidstrup, Pernille E and Saito-Nakaya, Kumi and Frederiksen, Kirsten and Koskenvuo, Markku and Pukkala, Eero and Kaprio, Jaakko and Floderus, Birgitta and Uchitomi, Yosuke and Johansen, Christoffer},
  journal={American journal of epidemiology},
  volume={172},
  number={4},
  pages={377--385},
  year={2010},
  publisher={Oxford Univ Press}
}


@misc{boyles2011positive,
  title={Positive Attitude Doesn’t Whip Cancer? Patients’ Positive Thinking Has No Impact on Cancer Survival, Study Shows. October 22, 2007, WebMD Web site},
  author={Boyles, S},
  year={2011}
}

@article{chow2004does,
  title={Does psychosocial intervention improve survival in cancer? A meta-analysis},
  author={Chow, Edward and Tsao, May N and Harth, Tamara},
  journal={Palliative Medicine},
  volume={18},
  number={1},
  pages={25--31},
  year={2004},
  publisher={SAGE Publications}
}

@article{ross2002mind,
  title={Mind and cancer: does psychosocial intervention improve survival and psychological well-being?},
  author={Ross, L and Boesen, EH and Dalton, SO and Johansen, C},
  journal={European Journal of Cancer},
  volume={38},
  number={11},
  pages={1447--1457},
  year={2002},
  publisher={Elsevier}
}

%% Nour References 
@book{institute2005dietary,
  title={Dietary reference intakes for water, potassium, sodium, chloride, and sulfate},
  author={Institute of Medicine (US). Panel on Dietary Reference Intakes for Electrolytes and Water},
  year={2005},
  publisher={National Academies Press}
}

@article{andrew2003diastolic,
  title={Diastolic heart failure demystified},
  author={Andrew, Philip},
  journal={CHEST Journal},
  volume={124},
  number={2},
  pages={744--753},
  year={2003},
  publisher={American College of Chest Physicians}
}

